<?xml version="1.0" encoding="UTF-8"?>
<collection xmlns="http://www.loc.gov/MARC21/slim">

	<record>
	  <leader>     nam  2200000 u 4500</leader>
	  <controlfield tag="001">0000002</controlfield>
	  <controlfield tag="008">990812                       |||</controlfield>
	  <datafield tag="100" ind1="1" ind2=" ">
		<subfield code="a">Gregor, Ulrich</subfield>
	  </datafield>
	  <datafield tag="700" ind1="1" ind2=" ">
		<subfield code="a">Patalas, Enno</subfield>
	  </datafield>
	  <datafield tag="245" ind1="0" ind2="0">
		<subfield code="a">Geschichte des Films</subfield>
		<subfield code="c">Ulrich Gregor ; Enno Patalas</subfield>
	  </datafield>
	  <datafield tag="260" ind1=" " ind2=" ">
		<subfield code="a">Reinbek bei Hamburg</subfield>
		<subfield code="b">Rowohlt</subfield>
	  </datafield>
	  <datafield tag="653" ind1=" " ind2=" ">
		<subfield code="a">Filmgeschichte</subfield>
	  </datafield>
	</record>