

	<record>
	  <leader>     nam  2200000 u 4500</leader>
	  <controlfield tag="001">1234567</controlfield>
	  <controlfield tag="008">990812                       |||</controlfield>
	  <datafield tag="760" ind1="0" ind2=" ">
		<subfield code="o">0000002</subfield>
	  </datafield>
	  <datafield tag="245" ind1="0" ind2="0">
		<subfield code="n">1</subfield>
		<subfield code="a">1895-1939</subfield>
	  </datafield>
	  <datafield tag="250" ind1=" " ind2=" ">
		<subfield code="a">42.-44. Tsd.</subfield>
	  </datafield>
	  <datafield tag="260" ind1=" " ind2=" ">
		<subfield code="c">1989</subfield>
	  </datafield>
	  <datafield tag="300" ind1=" " ind2=" ">
		<subfield code="a">250 S. : Ill.</subfield>
	  </datafield>
	  <datafield tag="020" ind1=" " ind2=" ">
		<subfield code="a">3-499-16193-1</subfield>
	  </datafield>
	  <datafield tag="901" ind1=" " ind2=" ">
		<subfield code="a">00016988</subfield>
	  </datafield>
	</record>